@Misc{HASH_FUNC,
  author       = {{Lassonde School of Engineering}},
  howpublished = {[online]},
  title        = {Hash Functions},
  note         = {varianta sdbm, [vid. 2023-12-01]},
  url          = {http://www.cse.yorku.ca/~oz/hash.html}
}